%% This BibTeX bibliography file was created using BibDesk.
%% http://bibdesk.sourceforge.net/


%% Created for Steve Mazza at 2013-12-10 13:51:32 -0500 


%% Saved with string encoding Unicode (UTF-8) 



@article{Ayalvadi:2005,
	Author = {Ayalvadi Ganesh and Laurent Massouli{\'e} and Don Towsley},
	Date-Added = {2013-12-10 18:48:03 +0000},
	Date-Modified = {2013-12-10 18:51:29 +0000},
	Journal = {INFOCOM 2005. 24th Annual Joint Conference of the IEEE Computer and Communications Societies},
	Title = {The Effect of Network Topology on the Spread of Epidemics},
	Year = {2005},
	Bdsk-File-1 = {YnBsaXN0MDDUAQIDBAUGJCVYJHZlcnNpb25YJG9iamVjdHNZJGFyY2hpdmVyVCR0b3ASAAGGoKgHCBMUFRYaIVUkbnVsbNMJCgsMDxJXTlMua2V5c1pOUy5vYmplY3RzViRjbGFzc6INDoACgAOiEBGABIAFgAdccmVsYXRpdmVQYXRoWWFsaWFzRGF0YV8QMy4uLy4uL1NFNDk2MC9TaG9ydCBQYXBlci9jaXRhdGlvbnMvaW5mb2NvbS13b3JtLnBkZtIXCxgZV05TLmRhdGFPEQHkAAAAAAHkAAIAAAxNYWNpbnRvc2ggSEQAAAAAAAAAAAAAAAAAAADLJkhcSCsAAAAt48MQaW5mb2NvbS13b3JtLnBkZgAAAAAAAAAAAAAAAAAAAAAAAAAAAAAAAAAAAAAAAAAAAAAAAAAAAAAAAAAAAAAAAC3jyM7Ly3QAAAAAAAAAAAACAAQAAAkgAAAAAAAAAAAAAAAAAAAACWNpdGF0aW9ucwAAEAAIAADLJo6sAAAAEQAIAADOzBHEAAAAAQAcAC3jwwAsnsUAGVBUAAzXSQAMgmoADIJpAADACQACAF9NYWNpbnRvc2ggSEQ6VXNlcnM6AG1henphczoARG9jdW1lbnRzOgBTY2hvb2w6AFNFNDk2MDoAU2hvcnQgUGFwZXI6AGNpdGF0aW9uczoAaW5mb2NvbS13b3JtLnBkZgAADgAiABAAaQBuAGYAbwBjAG8AbQAtAHcAbwByAG0ALgBwAGQAZgAPABoADABNAGEAYwBpAG4AdABvAHMAaAAgAEgARAASAEtVc2Vycy9tYXp6YXMvRG9jdW1lbnRzL1NjaG9vbC9TRTQ5NjAvU2hvcnQgUGFwZXIvY2l0YXRpb25zL2luZm9jb20td29ybS5wZGYAABMAAS8AABUAAgAN//8AAIAG0hscHR5aJGNsYXNzbmFtZVgkY2xhc3Nlc11OU011dGFibGVEYXRhox0fIFZOU0RhdGFYTlNPYmplY3TSGxwiI1xOU0RpY3Rpb25hcnmiIiBfEA9OU0tleWVkQXJjaGl2ZXLRJidUcm9vdIABAAgAEQAaACMALQAyADcAQABGAE0AVQBgAGcAagBsAG4AcQBzAHUAdwCEAI4AxADJANECuQK7AsACywLUAuIC5gLtAvYC+wMIAwsDHQMgAyUAAAAAAAACAQAAAAAAAAAoAAAAAAAAAAAAAAAAAAADJw==}}

@article{Fu:2003,
	Author = {Shih Ching Fu and George Milne},
	Date-Added = {2013-12-10 18:35:25 +0000},
	Date-Modified = {2013-12-10 18:39:18 +0000},
	Institution = {The University of Western Australia},
	Journal = {Proc. of the Australian Conference on Artificial Life.},
	Title = {Epidemic Modelling Using Cellular Automata},
	Year = {2003},
	Bdsk-File-1 = {YnBsaXN0MDDUAQIDBAUGJCVYJHZlcnNpb25YJG9iamVjdHNZJGFyY2hpdmVyVCR0b3ASAAGGoKgHCBMUFRYaIVUkbnVsbNMJCgsMDxJXTlMua2V5c1pOUy5vYmplY3RzViRjbGFzc6INDoACgAOiEBGABIAFgAdccmVsYXRpdmVQYXRoWWFsaWFzRGF0YV8QPy4uLy4uL1NFNDk2MC9TaG9ydCBQYXBlci9jaXRhdGlvbnMvRXBpZGVtaWNNb2RlbGxpbmdVc2luZ0NBLnBkZtIXCxgZV05TLmRhdGFPEQIUAAAAAAIUAAIAAAxNYWNpbnRvc2ggSEQAAAAAAAAAAAAAAAAAAADLJkhcSCsAAAAt48McRXBpZGVtaWNNb2RlbGxpbmdVc2luZ0NBLnBkZgAAAAAAAAAAAAAAAAAAAAAAAAAAAAAAAAAAAAAAAAAAAAAAAC3jxs7Ly3QAAAAAAAAAAAACAAQAAAkgAAAAAAAAAAAAAAAAAAAACWNpdGF0aW9ucwAAEAAIAADLJo6sAAAAEQAIAADOzBHEAAAAAQAcAC3jwwAsnsUAGVBUAAzXSQAMgmoADIJpAADACQACAGtNYWNpbnRvc2ggSEQ6VXNlcnM6AG1henphczoARG9jdW1lbnRzOgBTY2hvb2w6AFNFNDk2MDoAU2hvcnQgUGFwZXI6AGNpdGF0aW9uczoARXBpZGVtaWNNb2RlbGxpbmdVc2luZ0NBLnBkZgAADgA6ABwARQBwAGkAZABlAG0AaQBjAE0AbwBkAGUAbABsAGkAbgBnAFUAcwBpAG4AZwBDAEEALgBwAGQAZgAPABoADABNAGEAYwBpAG4AdABvAHMAaAAgAEgARAASAFdVc2Vycy9tYXp6YXMvRG9jdW1lbnRzL1NjaG9vbC9TRTQ5NjAvU2hvcnQgUGFwZXIvY2l0YXRpb25zL0VwaWRlbWljTW9kZWxsaW5nVXNpbmdDQS5wZGYAABMAAS8AABUAAgAN//8AAIAG0hscHR5aJGNsYXNzbmFtZVgkY2xhc3Nlc11OU011dGFibGVEYXRhox0fIFZOU0RhdGFYTlNPYmplY3TSGxwiI1xOU0RpY3Rpb25hcnmiIiBfEA9OU0tleWVkQXJjaGl2ZXLRJidUcm9vdIABAAgAEQAaACMALQAyADcAQABGAE0AVQBgAGcAagBsAG4AcQBzAHUAdwCEAI4A0ADVAN0C9QL3AvwDBwMQAx4DIgMpAzIDNwNEA0cDWQNcA2EAAAAAAAACAQAAAAAAAAAoAAAAAAAAAAAAAAAAAAADYw==}}

@article{Gross:2006,
	Author = {Thilo Gross and Carlos J. Dommar D'Lima, and Bernd Blasius},
	Date-Added = {2013-12-10 18:31:40 +0000},
	Date-Modified = {2013-12-10 18:43:29 +0000},
	Institution = {AG Nichtlineare Dynamik, Institut fu ̈r Physik, Universita ̈t Potsdam},
	Journal = {Physical Review Letters},
	Title = {Epidemic dynamics on an adaptive network},
	Year = {2008},
	Bdsk-File-1 = {YnBsaXN0MDDUAQIDBAUGJCVYJHZlcnNpb25YJG9iamVjdHNZJGFyY2hpdmVyVCR0b3ASAAGGoKgHCBMUFRYaIVUkbnVsbNMJCgsMDxJXTlMua2V5c1pOUy5vYmplY3RzViRjbGFzc6INDoACgAOiEBGABIAFgAdccmVsYXRpdmVQYXRoWWFsaWFzRGF0YV8QLi4uLy4uL1NFNDk2MC9TaG9ydCBQYXBlci9jaXRhdGlvbnMvMDUxMjAzNy5wZGbSFwsYGVdOUy5kYXRhTxEBzgAAAAABzgACAAAMTWFjaW50b3NoIEhEAAAAAAAAAAAAAAAAAAAAyyZIXEgrAAAALePDCzA1MTIwMzcucGRmAAAAAAAAAAAAAAAAAAAAAAAAAAAAAAAAAAAAAAAAAAAAAAAAAAAAAAAAAAAAAAAAAAAAAAAt48TOy8t0AAAAAAAAAAAAAgAEAAAJIAAAAAAAAAAAAAAAAAAAAAljaXRhdGlvbnMAABAACAAAyyaOrAAAABEACAAAzswRxAAAAAEAHAAt48MALJ7FABlQVAAM10kADIJqAAyCaQAAwAkAAgBaTWFjaW50b3NoIEhEOlVzZXJzOgBtYXp6YXM6AERvY3VtZW50czoAU2Nob29sOgBTRTQ5NjA6AFNob3J0IFBhcGVyOgBjaXRhdGlvbnM6ADA1MTIwMzcucGRmAA4AGAALADAANQAxADIAMAAzADcALgBwAGQAZgAPABoADABNAGEAYwBpAG4AdABvAHMAaAAgAEgARAASAEZVc2Vycy9tYXp6YXMvRG9jdW1lbnRzL1NjaG9vbC9TRTQ5NjAvU2hvcnQgUGFwZXIvY2l0YXRpb25zLzA1MTIwMzcucGRmABMAAS8AABUAAgAN//8AAIAG0hscHR5aJGNsYXNzbmFtZVgkY2xhc3Nlc11OU011dGFibGVEYXRhox0fIFZOU0RhdGFYTlNPYmplY3TSGxwiI1xOU0RpY3Rpb25hcnmiIiBfEA9OU0tleWVkQXJjaGl2ZXLRJidUcm9vdIABAAgAEQAaACMALQAyADcAQABGAE0AVQBgAGcAagBsAG4AcQBzAHUAdwCEAI4AvwDEAMwCngKgAqUCsAK5AscCywLSAtsC4ALtAvADAgMFAwoAAAAAAAACAQAAAAAAAAAoAAAAAAAAAAAAAAAAAAADDA==}}

@techreport{Vahdat:2000,
	Author = {Amin Vahdat and David Becker},
	Date-Added = {2013-12-10 18:29:07 +0000},
	Date-Modified = {2013-12-10 18:40:13 +0000},
	Institution = {Department of Computer Science, Duke University},
	Title = {Epidemic Routing for Partially-Connected Ad Hoc Networks},
	Year = {2000},
	Bdsk-File-1 = {YnBsaXN0MDDUAQIDBAUGJCVYJHZlcnNpb25YJG9iamVjdHNZJGFyY2hpdmVyVCR0b3ASAAGGoKgHCBMUFRYaIVUkbnVsbNMJCgsMDxJXTlMua2V5c1pOUy5vYmplY3RzViRjbGFzc6INDoACgAOiEBGABIAFgAdccmVsYXRpdmVQYXRoWWFsaWFzRGF0YV8QLi4uLy4uL1NFNDk2MC9TaG9ydCBQYXBlci9jaXRhdGlvbnMvMjAwMC0wNi5wZGbSFwsYGVdOUy5kYXRhTxEBzgAAAAABzgACAAAMTWFjaW50b3NoIEhEAAAAAAAAAAAAAAAAAAAAyyZIXEgrAAAALePDCzIwMDAtMDYucGRmAAAAAAAAAAAAAAAAAAAAAAAAAAAAAAAAAAAAAAAAAAAAAAAAAAAAAAAAAAAAAAAAAAAAAAAt48XOy8t0AAAAAAAAAAAAAgAEAAAJIAAAAAAAAAAAAAAAAAAAAAljaXRhdGlvbnMAABAACAAAyyaOrAAAABEACAAAzswRxAAAAAEAHAAt48MALJ7FABlQVAAM10kADIJqAAyCaQAAwAkAAgBaTWFjaW50b3NoIEhEOlVzZXJzOgBtYXp6YXM6AERvY3VtZW50czoAU2Nob29sOgBTRTQ5NjA6AFNob3J0IFBhcGVyOgBjaXRhdGlvbnM6ADIwMDAtMDYucGRmAA4AGAALADIAMAAwADAALQAwADYALgBwAGQAZgAPABoADABNAGEAYwBpAG4AdABvAHMAaAAgAEgARAASAEZVc2Vycy9tYXp6YXMvRG9jdW1lbnRzL1NjaG9vbC9TRTQ5NjAvU2hvcnQgUGFwZXIvY2l0YXRpb25zLzIwMDAtMDYucGRmABMAAS8AABUAAgAN//8AAIAG0hscHR5aJGNsYXNzbmFtZVgkY2xhc3Nlc11OU011dGFibGVEYXRhox0fIFZOU0RhdGFYTlNPYmplY3TSGxwiI1xOU0RpY3Rpb25hcnmiIiBfEA9OU0tleWVkQXJjaGl2ZXLRJidUcm9vdIABAAgAEQAaACMALQAyADcAQABGAE0AVQBgAGcAagBsAG4AcQBzAHUAdwCEAI4AvwDEAMwCngKgAqUCsAK5AscCywLSAtsC4ALtAvADAgMFAwoAAAAAAAACAQAAAAAAAAAoAAAAAAAAAAAAAAAAAAADDA==}}

@article{Liu:2009,
	Author = {Cong Liu and Jie Wu},
	Date-Added = {2013-12-10 18:20:57 +0000},
	Date-Modified = {2013-12-10 18:42:26 +0000},
	Institution = {Department of Computer Science and Engineering, Florida Atlantic University},
	Journal = {Parallel and Distributed Systems, IEEE Transactions on},
	Month = {September},
	Title = {Scalable Routing in Cyclic Mobile Networks},
	Year = {2009},
	Bdsk-File-1 = {YnBsaXN0MDDUAQIDBAUGJCVYJHZlcnNpb25YJG9iamVjdHNZJGFyY2hpdmVyVCR0b3ASAAGGoKgHCBMUFRYaIVUkbnVsbNMJCgsMDxJXTlMua2V5c1pOUy5vYmplY3RzViRjbGFzc6INDoACgAOiEBGABIAFgAdccmVsYXRpdmVQYXRoWWFsaWFzRGF0YV8QLC4uLy4uL1NFNDk2MC9TaG9ydCBQYXBlci9jaXRhdGlvbnMvTGl1V3UucGRm0hcLGBlXTlMuZGF0YU8RAcYAAAAAAcYAAgAADE1hY2ludG9zaCBIRAAAAAAAAAAAAAAAAAAAAMsmSFxIKwAAAC3jwwlMaXVXdS5wZGYAAAAAAAAAAAAAAAAAAAAAAAAAAAAAAAAAAAAAAAAAAAAAAAAAAAAAAAAAAAAAAAAAAAAAAAAALoqgzsyjvAAAAAAAAAAAAAIABAAACSAAAAAAAAAAAAAAAAAAAAAJY2l0YXRpb25zAAAQAAgAAMsmjqwAAAARAAgAAM7M6gwAAAABABwALePDACyexQAZUFQADNdJAAyCagAMgmkAAMAJAAIAWE1hY2ludG9zaCBIRDpVc2VyczoAbWF6emFzOgBEb2N1bWVudHM6AFNjaG9vbDoAU0U0OTYwOgBTaG9ydCBQYXBlcjoAY2l0YXRpb25zOgBMaXVXdS5wZGYADgAUAAkATABpAHUAVwB1AC4AcABkAGYADwAaAAwATQBhAGMAaQBuAHQAbwBzAGgAIABIAEQAEgBEVXNlcnMvbWF6emFzL0RvY3VtZW50cy9TY2hvb2wvU0U0OTYwL1Nob3J0IFBhcGVyL2NpdGF0aW9ucy9MaXVXdS5wZGYAEwABLwAAFQACAA3//wAAgAbSGxwdHlokY2xhc3NuYW1lWCRjbGFzc2VzXU5TTXV0YWJsZURhdGGjHR8gVk5TRGF0YVhOU09iamVjdNIbHCIjXE5TRGljdGlvbmFyeaIiIF8QD05TS2V5ZWRBcmNoaXZlctEmJ1Ryb290gAEACAARABoAIwAtADIANwBAAEYATQBVAGAAZwBqAGwAbgBxAHMAdQB3AIQAjgC9AMIAygKUApYCmwKmAq8CvQLBAsgC0QLWAuMC5gL4AvsDAAAAAAAAAAIBAAAAAAAAACgAAAAAAAAAAAAAAAAAAAMC}}

@article{Hui:2011,
	Author = {Pan Hui and Jon Crowcroft and Eiko Yoniki},
	Date-Added = {2013-12-10 18:10:37 +0000},
	Date-Modified = {2013-12-10 18:45:52 +0000},
	Institution = {University of Cambridge, Computer Laboratory},
	Journal = {Mobile Computing, IEEE Transactions on},
	Title = {BUBBLE Rap: Social-based Forwarding in Delay Tolerant Networks},
	Year = {2011},
	Bdsk-File-1 = {YnBsaXN0MDDUAQIDBAUGJCVYJHZlcnNpb25YJG9iamVjdHNZJGFyY2hpdmVyVCR0b3ASAAGGoKgHCBMUFRYaIVUkbnVsbNMJCgsMDxJXTlMua2V5c1pOUy5vYmplY3RzViRjbGFzc6INDoACgAOiEBGABIAFgAdccmVsYXRpdmVQYXRoWWFsaWFzRGF0YV8QLi4uLy4uL1NFNDk2MC9TaG9ydCBQYXBlci9jaXRhdGlvbnMvSHVpMDhfMi5wZGbSFwsYGVdOUy5kYXRhTxEBzgAAAAABzgACAAAMTWFjaW50b3NoIEhEAAAAAAAAAAAAAAAAAAAAyyZIXEgrAAAALePDC0h1aTA4XzIucGRmAAAAAAAAAAAAAAAAAAAAAAAAAAAAAAAAAAAAAAAAAAAAAAAAAAAAAAAAAAAAAAAAAAAAAAAuhajOzKLQAAAAAAAAAAAAAgAEAAAJIAAAAAAAAAAAAAAAAAAAAAljaXRhdGlvbnMAABAACAAAyyaOrAAAABEACAAAzszpIAAAAAEAHAAt48MALJ7FABlQVAAM10kADIJqAAyCaQAAwAkAAgBaTWFjaW50b3NoIEhEOlVzZXJzOgBtYXp6YXM6AERvY3VtZW50czoAU2Nob29sOgBTRTQ5NjA6AFNob3J0IFBhcGVyOgBjaXRhdGlvbnM6AEh1aTA4XzIucGRmAA4AGAALAEgAdQBpADAAOABfADIALgBwAGQAZgAPABoADABNAGEAYwBpAG4AdABvAHMAaAAgAEgARAASAEZVc2Vycy9tYXp6YXMvRG9jdW1lbnRzL1NjaG9vbC9TRTQ5NjAvU2hvcnQgUGFwZXIvY2l0YXRpb25zL0h1aTA4XzIucGRmABMAAS8AABUAAgAN//8AAIAG0hscHR5aJGNsYXNzbmFtZVgkY2xhc3Nlc11OU011dGFibGVEYXRhox0fIFZOU0RhdGFYTlNPYmplY3TSGxwiI1xOU0RpY3Rpb25hcnmiIiBfEA9OU0tleWVkQXJjaGl2ZXLRJidUcm9vdIABAAgAEQAaACMALQAyADcAQABGAE0AVQBgAGcAagBsAG4AcQBzAHUAdwCEAI4AvwDEAMwCngKgAqUCsAK5AscCywLSAtsC4ALtAvADAgMFAwoAAAAAAAACAQAAAAAAAAAoAAAAAAAAAAAAAAAAAAADDA==}}

@techreport{Takai:2012,
	Author = {Takai, Teresa M.},
	Date-Added = {2013-12-10 17:48:22 +0000},
	Date-Modified = {2013-12-10 18:44:48 +0000},
	Institution = {Department Of Defense},
	Title = {Cloud Computing Strategy},
	Year = {2012},
	Bdsk-File-1 = {YnBsaXN0MDDUAQIDBAUGJCVYJHZlcnNpb25YJG9iamVjdHNZJGFyY2hpdmVyVCR0b3ASAAGGoKgHCBMUFRYaIVUkbnVsbNMJCgsMDxJXTlMua2V5c1pOUy5vYmplY3RzViRjbGFzc6INDoACgAOiEBGABIAFgAdccmVsYXRpdmVQYXRoWWFsaWFzRGF0YV8QYS4uLy4uL1NFNDk2MC9TaG9ydCBQYXBlci9jaXRhdGlvbnMvRG9EIENsb3VkIENvbXB1dGluZyBTdHJhdGVneSBGaW5hbCB3aXRoIE1lbW8gLSBKdWx5IDUgMjAxMi5wZGbSFwsYGVdOUy5kYXRhTxECfAAAAAACfAACAAAMTWFjaW50b3NoIEhEAAAAAAAAAAAAAAAAAAAAyyZIXEgrAAAALePDH0RvRCBDbG91ZCBDb21wdXRpbmcgIzJFOTczRC5wZGYAAAAAAAAAAAAAAAAAAAAAAAAAAAAAAAAAAAAAAAAAAAAulz3OzKc+AAAAAAAAAAAAAgAEAAAJIAAAAAAAAAAAAAAAAAAAAAljaXRhdGlvbnMAABAACAAAyyaOrAAAABEACAAAzsztjgAAAAEAHAAt48MALJ7FABlQVAAM10kADIJqAAyCaQAAwAkAAgBuTWFjaW50b3NoIEhEOlVzZXJzOgBtYXp6YXM6AERvY3VtZW50czoAU2Nob29sOgBTRTQ5NjA6AFNob3J0IFBhcGVyOgBjaXRhdGlvbnM6AERvRCBDbG91ZCBDb21wdXRpbmcgIzJFOTczRC5wZGYADgB+AD4ARABvAEQAIABDAGwAbwB1AGQAIABDAG8AbQBwAHUAdABpAG4AZwAgAFMAdAByAGEAdABlAGcAeQAgAEYAaQBuAGEAbAAgAHcAaQB0AGgAIABNAGUAbQBvACAALQAgAEoAdQBsAHkAIAA1ACAAMgAwADEAMgAuAHAAZABmAA8AGgAMAE0AYQBjAGkAbgB0AG8AcwBoACAASABEABIAeVVzZXJzL21henphcy9Eb2N1bWVudHMvU2Nob29sL1NFNDk2MC9TaG9ydCBQYXBlci9jaXRhdGlvbnMvRG9EIENsb3VkIENvbXB1dGluZyBTdHJhdGVneSBGaW5hbCB3aXRoIE1lbW8gLSBKdWx5IDUgMjAxMi5wZGYAABMAAS8AABUAAgAN//8AAIAG0hscHR5aJGNsYXNzbmFtZVgkY2xhc3Nlc11OU011dGFibGVEYXRhox0fIFZOU0RhdGFYTlNPYmplY3TSGxwiI1xOU0RpY3Rpb25hcnmiIiBfEA9OU0tleWVkQXJjaGl2ZXLRJidUcm9vdIABAAgAEQAaACMALQAyADcAQABGAE0AVQBgAGcAagBsAG4AcQBzAHUAdwCEAI4A8gD3AP8DfwOBA4YDkQOaA6gDrAOzA7wDwQPOA9ED4wPmA+sAAAAAAAACAQAAAAAAAAAoAAAAAAAAAAAAAAAAAAAD7Q==}}

@conference{Auguston2012,
	Abstract = {This paper suggests an approach to formal software and systems architecture specification based on behavior models. The behavior of a system is defined as a set of events (event trace) with two basic relations: precedence and inclusion. The structure of an event trace is specified using event grammars and other constraints organized into schemas. Behaviors for both system and its environment can be specified within the same framework. Suggested composition operations on schemas are based on event pattern matching and provide for behavior merging and abstract interface specification. The schema framework is amenable to stepwise refinement, reuse, visualization of multiple architecture views, and application of automated tools for consistency checks and system behavior verification early in the design process. },
	Author = {Auguston, Mikhail and Whitcomb, Clifford},
	Date-Added = {2013-05-01 16:34:19 +0000},
	Date-Modified = {2013-05-14 19:54:05 +0000},
	Keywords = {MP},
	Organization = {ICSSEA},
	Read = {1},
	Title = {Behavior Models and Composition for Software and Systems Architecture},
	Year = {2012},
	Bdsk-File-1 = {YnBsaXN0MDDUAQIDBAUGJCVYJHZlcnNpb25YJG9iamVjdHNZJGFyY2hpdmVyVCR0b3ASAAGGoKgHCBMUFRYaIVUkbnVsbNMJCgsMDxJXTlMua2V5c1pOUy5vYmplY3RzViRjbGFzc6INDoACgAOiEBGABIAFgAdccmVsYXRpdmVQYXRoWWFsaWFzRGF0YV8QJy4uLy4uL1BhcGVycy9BdWd1c3Rvbi8zLTEtQVVHVVNUT04uZG9jeNIXCxgZV05TLmRhdGFPEQHGAAAAAAHGAAIAAAxNYWNpbnRvc2ggSEQAAAAAAAAAAAAAAAAAAADLJkhcSCsAAAAM2O4RMy0xLUFVR1VTVE9OLmRvY3gAAAAAAAAAAAAAAAAAAAAAAAAAAAAAAAAAAAAAAAAAAAAAAAAAAAAAAAAAAAAAAAzY784/8i0AAAAAAAAAAAACAAMAAAkgAAAAAAAAAAAAAAAAAAAACEF1Z3VzdG9uABAACAAAyyaOrAAAABEACAAAzkAqbQAAAAEAGAAM2O4ADNjtAAzXSQAMgmoADIJpAADACQACAFJNYWNpbnRvc2ggSEQ6VXNlcnM6AG1henphczoARG9jdW1lbnRzOgBTY2hvb2w6AFBhcGVyczoAQXVndXN0b246ADMtMS1BVUdVU1RPTi5kb2N4AA4AJAARADMALQAxAC0AQQBVAEcAVQBTAFQATwBOAC4AZABvAGMAeAAPABoADABNAGEAYwBpAG4AdABvAHMAaAAgAEgARAASAD9Vc2Vycy9tYXp6YXMvRG9jdW1lbnRzL1NjaG9vbC9QYXBlcnMvQXVndXN0b24vMy0xLUFVR1VTVE9OLmRvY3gAABMAAS8AABUAAgAN//8AAIAG0hscHR5aJGNsYXNzbmFtZVgkY2xhc3Nlc11OU011dGFibGVEYXRhox0fIFZOU0RhdGFYTlNPYmplY3TSGxwiI1xOU0RpY3Rpb25hcnmiIiBfEA9OU0tleWVkQXJjaGl2ZXLRJidUcm9vdIABAAgAEQAaACMALQAyADcAQABGAE0AVQBgAGcAagBsAG4AcQBzAHUAdwCEAI4AuAC9AMUCjwKRApYCoQKqArgCvALDAswC0QLeAuEC8wL2AvsAAAAAAAACAQAAAAAAAAAoAAAAAAAAAAAAAAAAAAAC/Q==}}
