%% This BibTeX bibliography file was created using BibDesk.
%% http://bibdesk.sourceforge.net/


%% Created for Steve Mazza at 2014-05-28 19:35:28 -0400 


%% Saved with string encoding Unicode (UTF-8) 



@book{Axelrod,
	Author = {Axelrod, R. M. and Cohen, M. D.},
	Date-Added = {2014-05-28 23:32:02 +0000},
	Date-Modified = {2014-05-28 23:35:04 +0000},
	Publisher = {Basic Books},
	Read = {1},
	Title = {Harnessing Complexity: Organizational implications of a scientific frontier},
	Year = {2000}}
