%% This BibTeX bibliography file was created using BibDesk.
%% http://bibdesk.sourceforge.net/


%% Created for Steve Mazza at 2014-06-13 20:49:58 -0400 


%% Saved with string encoding Unicode (UTF-8) 



@webpage{Wolfram,
	Date-Added = {2014-06-14 00:36:00 +0000},
	Date-Modified = {2014-06-14 00:49:55 +0000},
	Lastchecked = {June 13, 2014},
	Month = {June},
	Url = {http://mathworld.wolfram.com/Recursion.html},
	Year = {2014}}

@book{Langford,
	Author = {Langford, G. O.},
	Date-Added = {2014-06-14 00:34:23 +0000},
	Date-Modified = {2014-06-14 00:35:24 +0000},
	Publisher = {CRC Press},
	Title = {Engineering systems integration: Theory, metrics, and methods},
	Year = {2012}}

@book{Mitchell,
	Author = {Mitchell, M.},
	Date-Added = {2014-06-12 19:13:54 +0000},
	Date-Modified = {2014-06-12 19:14:31 +0000},
	Publisher = {Oxford University Press},
	Rating = {4},
	Read = {1},
	Title = {Complexity: A guided tour},
	Year = {2009}}

@book{Miller,
	Author = {Miller, J. H., & Page, S. E.},
	Date-Added = {2014-06-12 19:11:51 +0000},
	Date-Modified = {2014-06-12 19:13:19 +0000},
	Publisher = {Princeton University Press},
	Title = {Complex Adaptive Systems: An Introduction to Computational Models of Social Life: An Introduction to Computational Models of Social Life},
	Year = {2009}}

@article{GellMann,
	Author = {Gell-Mann, M},
	Date-Added = {2014-06-12 17:54:13 +0000},
	Date-Modified = {2014-06-12 18:04:15 +0000},
	Journal = {Complexity},
	Pages = {16-19},
	Title = {What is complexity? Remarks on simplicity and complexity by the Nobel Prize-winning author of The Quark and the Jaguar},
	Volume = {1},
	Year = {1995}}

@book{Gamma,
	Author = {Gamma, E. and Helm, R. and Johnson, R. and Vlissides, J.},
	Date-Added = {2014-06-12 17:03:01 +0000},
	Date-Modified = {2014-06-12 17:04:24 +0000},
	Publisher = {Pearson Education},
	Rating = {5},
	Read = {1},
	Title = {Design patterns: elements of reusable object-oriented software},
	Year = {1994}}

@book{Mandelbrot,
	Author = {Mandelbrot, Benoit. B.},
	Date-Added = {2014-06-12 00:21:44 +0000},
	Date-Modified = {2014-06-12 02:02:04 +0000},
	Publisher = {Macmillan},
	Rating = {4},
	Read = {1},
	Title = {The fractal geometry of nature},
	Year = {1983}}

@book{Axelrod,
	Author = {Axelrod, R. M. and Cohen, M. D.},
	Date-Added = {2014-05-28 23:32:02 +0000},
	Date-Modified = {2014-05-28 23:35:04 +0000},
	Publisher = {Basic Books},
	Read = {1},
	Title = {Harnessing Complexity: Organizational implications of a scientific frontier},
	Year = {2000}}
